
@article{warwick_j_nash_population_1994,
	title = {The Population Biology of Abalone (\_Haliotis\_ species) in Tasmania. I. Blacklip Abalone (\_H. rubra\_) from the North Coast and Islands of Bass Strait},
	volume = {48},
	issn = {1034-3288},
	author = {{Warwick J Nash} and {Tracy L Sellers} and {Simon R Talbot} and {Andrew J Cawthorn} and {Wes B Ford}},
	date = {1994},
}

@article{tidyverse,
  title = {Welcome to the {tidyverse}},
  author = {Hadley Wickham and Mara Averick and Jennifer Bryan and Winston Chang and Lucy D'Agostino McGowan and Romain François and Garrett Grolemund and Alex Hayes and Lionel Henry and Jim Hester and Max Kuhn and Thomas Lin Pedersen and Evan Miller and Stephan Milton Bache and Kirill Müller and Jeroen Ooms and David Robinson and Dana Paige Seidel and Vitalie Spinu and Kohske Takahashi and Davis Vaughan and Claus Wilke and Kara Woo and Hiroaki Yutani},
  year = {2019},
  journal = {Journal of Open Source Software},
  volume = {4},
  number = {43},
  pages = {1686},
  doi = {10.21105/joss.01686},
}

@manual{kableExtra,
  title = {kableExtra: Construct Complex Table with 'kable' and Pipe Syntax},
  author = {Hao Zhu},
  year = {2020},
  note = {R package version 1.2.1},
  url = {https://CRAN.R-project.org/package=kableExtra},
}

@article{qtlcharts,
  title = {R/qtlcharts: interactive graphics for quantitative trait locus mapping},
  author = {Karl W. Broman},
  journal = {Genetics},
  year = {2015},
  volume = {199},
  pages = {359-361},
  doi = {10.1534/genetics.114.172742},
  url = {https://doi.org/10.1534/genetics.114.172742},
  eprint = {http://www.genetics.org/content/genetics/199/2/359.full.pdf},
}

@Manual{ggExtra,
  title = {ggExtra: Add Marginal Histograms to 'ggplot2', and More 'ggplot2'
Enhancements},
  author = {Dean Attali and Christopher Baker},
  year = {2019},
  note = {R package version 0.9},
  url = {https://CRAN.R-project.org/package=ggExtra},
}

@Book{ggplot2,
  author = {Hadley Wickham},
  title = {ggplot2: Elegant Graphics for Data Analysis},
  publisher = {Springer-Verlag New York},
  year = {2016},
  isbn = {978-3-319-24277-4},
  url = {https://ggplot2.tidyverse.org},
}

@Manual{gridExtra,
  title = {gridExtra: Miscellaneous Functions for "Grid" Graphics},
  author = {Baptiste Auguie},
  year = {2017},
  note = {R package version 2.3},
  url = {https://CRAN.R-project.org/package=gridExtra},
}

@Article{ggfortify,
  author = {Yuan Tang and Masaaki Horikoshi and Wenxuan Li},
  title = {ggfortify: Unified Interface to Visualize Statistical Result of Popular R Packages},
  journal = {The R Journal},
  year = {2016},
  issue = {2},
  volume = {8},
  url = {https://journal.r-project.org/},
}

@Manual{cowplot,
  title = {cowplot: Streamlined Plot Theme and Plot Annotations for 'ggplot2'},
  author = {Claus O. Wilke},
  year = {2020},
  note = {R package version 1.1.0},
  url = {https://CRAN.R-project.org/package=cowplot},
}

@Manual{leaps,
  title = {leaps: Regression Subset Selection},
  author = {Thomas Lumley based on Fortran code by Alan Miller},
  year = {2020},
  note = {R package version 3.1},
  url = {https://CRAN.R-project.org/package=leaps},
}

@Article{mplot,
  title = {{mplot}: An {R} Package for Graphical Model Stability and Variable Selection Procedures},
  author = {Garth Tarr and Samuel M{\"u}ller and Alan H. Welsh},
  journal = {Journal of Statistical Software},
  year = {2018},
  volume = {83},
  number = {9},
  pages = {1--28},
  doi = {10.18637/jss.v083.i09},
}

@Manual{caret,
  title = {caret: Classification and Regression Training},
  author = {Max Kuhn},
  year = {2020},
  note = {R package version 6.0-86},
  url = {https://CRAN.R-project.org/package=caret},
}